@article{techinfo,
  author       = {Aiduang, Worawoot and Kumla, Jaturong and Srinuanpan, Sirasit and Thamjaree, Wandee and Lumyong, Saisamorn and Suwannarach, Nakarin},
  title        = {Mechanical, Physical, and Chemical Properties of Mycelium-Based Composites Produced from Various Lignocellulosic Residues and Fungal Species},
  journal      = {Journal of Fungi},
  volume       = {8},
  year         = {October, 2022},
  number       = {11},
  url          = {https://www.mdpi.com/2309-608X/8/11/1125},
  PubMedID     = {36354892},
  ISSN         = {2309-608X},
  DOI          = {10.3390/jof8111125}
}

@article{future,
  author       = {Simon Vandelook and Elise Elsacker and Aurélie {Van Wylick} and Lars {De Laet} and Eveline Peeters},
  title        = {Current state and future prospects of pure mycelium materials},
  journal      = {Fungal Biology and Biotechnology},
  volume       = {8},
  year         = {2021},
  pages        = {Article 20},
  url          = {https://fungalbiolbiotech.biomedcentral.com/articles/10.1186/s40694-021-00128-1},
}

@misc{worldwide,
  author       = {{Expert Market Research}},
  year         = {October, 2023},
  title        = {Global Camping Tent Market Report and Forecast 2023--2028},
  url          = {https://www.marketresearch.com/Expert-Market-Research-v4220/Global-Camping-Tent-Forecast-35387212/},
}

@misc{europe,
  author       = {{Arizton Advisory \& Intelligence}},
  year         = {May, 2024},
  title        = {Europe Camping Tents Market - Industry Outlook and Forecast 2024--2029},
  url          = {https://www.arizton.com/market-reports/camping-tent-market-europe},
}

@misc{switzerland,
  author       = {6Wresearch},
  year         = {November 2023},
  title        = {Switzerland Camping Tent Market - Industry Outlook and Forecast 2023--2030},
  url          = {https://www.6wresearch.com/industry-report/switzerland-camping-tent-market},
}

@misc{marketing,
  author       = {{Michigan MITech News}},
  year         = {January, 2024},
  title        = {Most Important Strategies To Market Your Outdoor Brand Effectively},
  url          = {https://mitechnews.com/guest-columns/most-important-strategies-to-market-your-outdoor-brand-effectively/}
}

@incollection{composites,
  title={Bio-based building materials: Proceedings of ICBBM 2023},
  editor={Amziane, Sofiane and Merta, Iwona and Page, Juhani},
  year={2023},
  publisher={Springer}
}

@article{biodegradation,
  title={Temporal characterization of biocycles of mycelium-bound composites made from bamboo and \textit{Pleurotus ostreatus} for indoor usage},
  author={Gan, Jin Kai and Soh, Edwin and Saeidi, Narges and Javadian, Alireza and Hebel, Dirk E. and Le Ferrand, Hortense},
  journal={Scientific Reports},
  volume={12},
  number={1},
  pages={19362},
  year={2022},
  doi={10.1038/s41598-022-24070-3},
  url={https://doi.org/10.1038/s41598-022-24070-3}
}

@misc{structure,
  author       = {Hilleberg},
  title        = {Products: Tents for 2 Persons},
  year         = {n.d.},
  url          = {https://hilleberg.com/deu/products/tents/2-person},
}

@misc{setup,
  author       = {{Outdoor Life}},
  title        = {The Best Instant Tents of 2024, Tested and Reviewed},
  year         = {May, 2024},
  url          = {https://www.outdoorlife.com/gear/best-instant-tents/},
}

@misc{tent-safety,
  author       = {{DIN Deutsches Institut für Normung e.V.}},
  title        = {{DIN EN ISO 5912 Camping tents -- Requirements and test methods}},
  year         = {July, 2020},
  url          = {https://www.din.de/en/getting-involved/standards-committees/nasport/publications/wdc-beuth:din21:316989855?destinationLanguage=&sourceLanguage=}
}