@article{fungus,
  author       = {Ahmadjian, Vernon and Alexopoulos, C. John and Moore, David},
  title        = {\textit{fungus}},
  year         = {2024},
  journal      = {Encyclopedia Britannica},
  url          = {https://www.britannica.com/science/fungus},
}

@article{mushroom,
  author       = {Nicolcioiu, Mihai Bogdan and Popa, Gabriela and Matei, Florentina},
  title        = {Mushroom Mycelia Cultivation on Different Agricultural Waste Substrates},
  journal      = {Scientific Bulletin. Series F. Biotechnologies},
  year         = {2016},
  volume       = {XX},
  pages        = {148--153},
  issn         = {2285-1364},
}