@misc{energyvault2023,
  author       = {{Energy Vault}},
  year         = {2024},
  title        = {G-Vault\texttrademark: EVx\texttrademark{} gravity energy storage for bulk energy shifting [PDF datasheet]},
  howpublished = {Energy Vault SA},
  url          = {https://www.energyvault.com}
}

@incollection{franklin2022,
  author       = {Franklin, M. and Fraenkel, P. and Yendell, C. and Apps, R.},
  year         = {2022},
  title        = {Gravity energy storage systems},
  booktitle    = {Energy Storage},
  editor       = {Kalair, A. and Abas, N. and Khan, M. K.},
  pages        = {91--116},
  publisher    = {Elsevier},
  doi          = {10.1016/B978-0-12-824510-1.00023-4},
  url          = {https://doi.org/10.1016/B978-0-12-824510-1.00023-4}
}

@online{mombelli2020,
  author       = {Mombelli, A.},
  year         = {2020},
  date         = {2020-01-03},
  title        = {Revolutionary idea to store green power for the grid},
  url          = {https://www.swissinfo.ch/eng/business/energy-vault_revolutionary-idea-to-store-green-power-for-the-grid/45467684}
}
