% MYCELIUM

@article{alexopoulos2024,
  author    = {C. John Alexopoulos and Vernon Ahmadjian and David Moore},
  title     = {\textit{Fungus}},
  journal   = {Encyclopedia Britannica},
  year      = {2024},
  month     = {October 7},
  url       = {https://www.britannica.com/science/fungus}
}

@article{nicolcioiu2016,
  author    = {M. B. Nicolcioiu and G. Popa and F. Matei},
  title     = {\textit{Mushroom Mycelia Cultivation on Different Agricultural Waste Substrates}},
  journal   = {Scientific Bulletin. Series F. Biotechnologies},
  volume    = {20},
  pages     = {148--153},
  year      = {2016},
  issn      = {2285-1364},
  url       = {https://biotechnologyjournal.usamv.ro/pdf/2016/Art25.pdf}
}

@article{alaneme2023,
  author    = {K. K. Alaneme and J. U. Anaele and T. M. Oke and S. A. Kareem and M. Adediran and O. A. Ajibuwa and Y. O. Anabaranze},
  title     = {\textit{Exploring the Biodegradability of Mycelium-Based Materials}},
  journal   = {Alexandria Engineering Journal},
  volume    = {83},
  pages     = {234--250},
  year      = {2023},
  month     = {October},
  doi       = {10.1016/j.aej.2023.10.012},
  url       = {https://doi.org/10.1016/j.aej.2023.10.012}
}

% ENVIRONMENT

@book{amziane2023,
  editor    = {Sofiane Amziane and Ildiko Merta and Jonathan Page},
  title     = {\textit{Bio-Based Building Materials: Proceedings of ICBBM 2023}},
  series    = {RILEM Bookseries},
  year      = {2023},
  publisher = {Springer Cham},
  isbn      = {978-3-031-33465-8},
  doi       = {10.1007/978-3-031-33465-8},
  url       = {https://doi.org/10.1007/978-3-031-33465-8},
  edition   = {1},
  pages     = {XXXII, 1036},
  issn      = {2211-0844},
  eissn     = {2211-0852},
  pages     = {740--749}
}

@article{env2,
  author    = {J. K. Gan and E. Soh and N. Saeidi and A. Javadian and D. E. Hebel and H. Le Ferrand},
  title     = {\textit{Temporal characterization of biocycles of mycelium-bound composites made from bamboo and Pleurotus ostreatus for indoor usage}},
  journal   = {Scientific Reports},
  volume    = {12},
  number    = {1},
  pages     = {19362},
  year      = {2022},
  doi       = {10.1038/s41598-022-24070-3},
  url       = {https://doi.org/10.1038/s41598-022-24070-3}
}

@article{env3,
  author    = {J. Raman and D.-S. Kim and H.-S. Kim and D.-S. Oh and H.-J. Shin},
  title     = {\textit{Mycofabrication of Mycelium-Based Leather from Brown-Rot Fungi}},
  journal   = {Journal of Fungi},
  volume    = {8},
  number    = {3},
  pages     = {317},
  year      = {2022},
  doi       = {10.3390/jof8030317},
  url       = {https://doi.org/10.3390/jof8030317}
}

% STRUCTURE AND SETUP

@misc{setup1,
  author    = {Hilleberg},
  title     = {\textit{Our Label System}},
  year      = {2024},
  url       = {https://hilleberg.com/eng/discover/our-label-system},
}

@misc{setup2,
  author    = {Hilleberg},
  title     = {\textit{Choosing the Right Tent}},
  year      = {2024},
  url       = {https://hilleberg.com/eng/discover/choosing-the-right-tent},
}

@misc{outdoorlife2024,
  author    = {{Outdoor Life}},
  title     = {\textit{The Best Instant Tents of 2024, Tested and Reviewed}},
  year      = {2024},
  month     = {May},
  url       = {https://www.outdoorlife.com/gear/best-instant-tents/}
}

% MARKETING
@misc{expert2023,
  author    = {Expert Market Research},
  title     = {\textit{Global camping tent market report and forecast 2023--2028}},
  year      = {2023},
  month     = {October},
  url       = {https://www.marketresearch.com/Expert-Market-Research-v4220/Global-Camping-Tent-Forecast-35387212/}
}

@misc{arizton2024,
  author    = {Arizton Advisory \& Intelligence},
  title     = {\textit{Europe camping tents market - industry outlook and forecast 2024--2029}},
  year      = {2024},
  month     = {May},
  url       = {https://www.arizton.com/market-reports/camping-tent-market-europe}
}

@misc{swiss2023,
  author    = {6Wresearch},
  title     = {\textit{Switzerland camping tent market - industry outlook and forecast 2023--2030}},
  year      = {2023},
  month     = {November},
  url       = {https://www.6wresearch.com/industry-report/switzerland-camping-tent-market}
}

@misc{mitech2024,
  author    = {Michigan MITech News},
  title     = {\textit{Most important strategies to market your outdoor brand effectively}},
  year      = {2024},
  month     = {January},
  url       = {https://mitechnews.com/guest-columns/most-important-strategies-to-market-your-outdoor-brand-effectively}
}

% SAFETY

@article{fire,
  author    = {M. Jones and T. Bhat and E. Kandare and others},
  title     = {\textit{Thermal Degradation and Fire Properties of Fungal Mycelium and Mycelium-Biomass Composite Materials}},
  journal   = {Scientific Reports},
  volume    = {8},
  pages     = {17583},
  year      = {2018},
  doi       = {10.1038/s41598-018-36032-9},
  url       = {https://doi.org/10.1038/s41598-018-36032-9},
}

@article{myc-environment,
  author    = {Madusanka, C. and Udayanga, D. and Nilmini, R. and others},
  title     = {\textit{A review of recent advances in fungal mycelium based composites}},
  journal   = {Discover Materials},
  volume    = {4},
  pages     = {13},
  year      = {2024},
  doi       = {10.1007/s43939-024-00084-8},
  url       = {https://doi.org/10.1007/s43939-024-00084-8}
}

@article{myc-mechanical,
AUTHOR = {Teeraphantuvat, Thana and Jatuwong, Kritsana and Jinanukul, Praween and Thamjaree, Wandee and Lumyong, Saisamorn and Aiduang, Worawoot},
TITLE = {\textit{Improving the Physical and Mechanical Properties of Mycelium-Based Green Composites Using Paper Waste}},
JOURNAL = {Polymers},
VOLUME = {16},
YEAR = {2024},
NUMBER = {2},
ARTICLE-NUMBER = {262},
URL = {https://www.mdpi.com/2073-4360/16/2/262},
PubMedID = {38257061},
ISSN = {2073-4360},
DOI = {10.3390/polym16020262}
}

@misc{tent-safety,
  author       = {{DIN Deutsches Institut f√ºr Normung e.V.}},
  title        = {\textit{DIN EN ISO 5912 Camping tents -- Requirements and test methods}},
  year         = {July, 2020},
  url          = {https://www.din.de/en/getting-involved/standards-committees/nasport/publications/wdc-beuth:din21:316989855?destinationLanguage=&sourceLanguage=}
}