@article{bulk_density,
  author = {Larysa Paniwnyk},
  doi = {10.1016/B978-0-12-411479-1.00015-2},
  isbn = {9780124114791},
  journal = {Emerging Technologies for Food Processing},
  keywords = {Cavitation,Enzymes,Food properties,Micro-organisms,Processing,Reactors,Ultrasound},
  month = {1},
  pages = {271-291},
  publisher = {Elsevier},
  title = {Application of Ultrasound},
  year = {2014},
}

@misc{cornell,
  author = {{Cornell University}},
  title = {{Monitoring Compost pH - Cornell Composting}},
  year = {n.d.},
  url = {https://compost.css.cornell.edu/monitor/monitorph.html#}
}

@article{tamakloe2021,
  author = {Mawuli Tamakloe and Edem Komi Koledzi and Etsè Aziable and Maglwa Tcha-Thom and Nitale M’Balikine Krou and Mawuli Tamakloe and Edem Komi Koledzi and Etsè Aziable and Maglwa Tcha-Thom and Nitale M’Balikine Krou},
  doi = {10.4236/ajac.2021.122003},
  issn = {2156-8251},
  issue = {02},
  journal = {American Journal of Analytical Chemistry},
  month = {2},
  pages = {29-45},
  publisher = {Scientific Research Publishing},
  title = {Impact of Composts Maturity on Growth and Agronomic Parameters of Maize (\textit{Zea mays})},
  volume = {12},
  url = {https://www.scirp.org/journal/doi.aspx?doi=10.4236/ajac.2021.122003},
  year = {2021},
}
