@online{gh-features,
  author   = {GitHub},
  title    = {GitHub Copilot features},
  year     = {2025},
  url      = {https://docs.github.com/en/copilot/get-started/features},
}

@online{vscode-inline,
  author   = {Microsoft},
  title    = {Code completions with {GitHub Copilot} in {VS Code}},
  year     = {2025},
  url      = {https://code.visualstudio.com/docs/copilot/ai-powered-suggestions#_context},
  note     = {``Context'' section}
}


@online{vscode-overview,
  author   = {Microsoft},
  title    = {{GitHub Copilot} in {VS Code}},
  year     = {2025},
  url      = {https://code.visualstudio.com/docs/copilot/overview},
}

@online{vscode-chat,
  author   = {Microsoft},
  title    = {Get started with GitHub Copilot Chat in VS Code},
  year     = {2023},
  url      = {https://code.visualstudio.com/docs/copilot/chat/copilot-chat},
  urldate  = {2025-10-27}
}

@online{latex,
  author   = {{LaTeX Project}},
  title    = {{LaTeX} -- {A} Document Preparation System},
  year     = {2025},
  url      = {https://www.latex-project.org/}
}

@online{github-models,
  author   = {{GitHub Docs}},
  title    = {{AI} model comparison},
  year     = {2025},
  url      = {https://docs.github.com/en/copilot/reference/ai-models/model-comparison},
}

@online{github-discussion,
  author   = {{GitHub}},
  title    = {Copilot News and Announcements},
  year     = {2025},
  url      = {https://github.com/orgs/community/discussions/categories/copilot-news-and-announcements},
}

@online{github-guide,
  author   = {{GitHub Docs}},
  title    = {Best practices for using {GitHub Copilot}},
  year     = {2025},
  url      = {https://docs.github.com/en/copilot/get-started/best-practices},
}